@InProceedings{DutertredeMoura:cav06,
  author = 	 {Bruno Dutertre and Leonardo de~Moura},
  title = 	 {A Fast Linear-Arithmetic Solver for {DPLL(T)}},
  booktitle =	 {Computer-Aided Verification (CAV'2006)},
  pages =	 {81--94},
  year =	 2006,
  volume =	 4144,
  series =	 {Lecture Notes in Computer Science},
  month =	 {August},
  organization = {Springer Verlag}
}

@TechReport{DutertredeMoura:report06,
  author = 	 {Bruno Dutertre and Leonardo de~Moura},
  title = 	 {Integrating {Simplex} with {DPLL(T)}},
  institution =  {Computer Science Laboratory, SRI International},
  year = 	 2006,
  number =	 {SRI-CSL-06-01},
  month =	 {May},
  note =	 {Available at \url{http://yices.csl.sri.com/sri-csl-06-01.pdf}}
}

@article{Owre95,
	author="Owre, S. and Rushby, J. and Shankar, N. and {von Henke}, F.",
	title="Formal {V}erification for {F}ault-{T}olerant {A}rchitectures: 
		{P}rolegomena to the {D}esign of {PVS}",
	journal="IEEE Transactions on Software Engineering",
	volume="21",
	number="2",
	pages="107--125",
	year="1995",
	month="February"}


@InProceedings{Brummayer-etal:2008,
  author = 	 {Brummayer, R. and Biere, A. and Lonsing, F.},
  title = 	 {{BTOR:} {B}it-{P}recise {M}odelling of {W}ord-{L}evel 
                  {P}roblems for {M}odel {C}hecking},
  booktitle =	 {First International Workshop on Bit-Precise Reasoning},
  pages =	 {53--64},
  year =	 2008,
  note =	 {Available at \url{http://fmv.jku.at/BrummayerBiereLonsing-BPR08.pdf}}
}


@Article{NelsonOppen79,
  author = 	 {G. Nelson and D. C. Oppen},
  title = 	 {{Simplification by Cooperating Decision Procedures}},
  journal = 	 {ACM Transactions on Programming Languages and Systems},
  year = 	 1979,
  volume =	 1,
  number =	 2,
  pages =	 {245--257}
}

@Article{Detlefs-etal:JACM2005,
  author = 	 {Detlefs, D. and Nelson, G. and Saxe, J.~B.},
  title = 	 {{Simplify:} A {T}heorem {P}rover for {P}rogram {C}hecking},
  journal = 	 {Journal of the ACM},
  year = 	 2005,
  volume =	 52,
  number =	 3,
  pages =	 {365--473},
  month =	 {May}
}

@InProceedings{Goel-etal:SMT2008,
  author = 	 {Goel, Amit and Krstic, Sava and Fuchs, Alexander},
  title = 	 {Deciding {A}rray {F}ormulas with {F}rugal {A}xiom {I}nstantiation},
  booktitle =	 {Sixth International Workshop on Satisfiability Modulo Theories (SMT~2008)},
  pages =	 {12--17},
  year =	 2008,
  volume =	 367,
  series =	 {ACM International Conference Proceeding Series}
}

@TechReport{KapurZarba:2005,
  author = 	 {Kapur, Deepak and Zarba, Calogero~G.},
  title = 	 {A {R}eduction {A}pproach to {D}ecision {P}rocedures},
  institution =  {University of New Mexico},
  year = 	 2005,
  number =	 {TR-CS-1005-44},
  note =	 {Available at \url{http://www.cs.unm.edu/~kapur/mypapers/reduction.pdf}}
}

@TechReport{SMTLIB12:2006,
  author = 	 {Ranise, Silvio and Tinelli, Cesare},
  title = 	 {The {SMT-LIB} {S}tandard: {Version} 1.2},
  institution =  {SMT-LIB Initiative},
  year = 	 2006,
  note = 	 {Available at \url{http://www.smtlib.org}}}

@TechReport{SMTLIB20:2012,
  author = 	 {Barrett, Clark and Sump, Aaron and Tinelli, Cesare},
  title = 	 {The {SMT-LIB} {S}tandard: {Version} 2.0},
  institution =  {SMT-LIB Initiative},
  year = 	 2012,
  note = 	 {Available at \url{http://www.smtlib.org}}}
